Resumen de cuenta
Nro. de Cta.:,527000001803
Fecha desde:,01/12/2025
Fecha hasta:,28/01/2026

Fecha,Código concepto,Concepto,Débito,Crédito,Saldo,CUIT Transferencia
01/12/2025,364,COPARTICIPACION  -  5229,,"$ 22.027,96","$ 1.521.922,48",
01/12/2025,364,COPARTICIPACION  -  5229,,"$ 63.829,71","$ 1.585.752,19",
01/12/2025,200,DB INMEDIATO  -  315914,"$ -20.000,00",,"$ 1.565.752,19",
01/12/2025,200,DB INMEDIATO  -  318693,"$ -35.000,00",,"$ 1.530.752,19",
01/12/2025,200,DB INMEDIATO  -  319513,"$ -72.000,00",,"$ 1.458.752,19",
01/12/2025,109,TR SFE INT TERCERO  -  643717,"$ -250.000,00",,"$ 1.208.752,19",
01/12/2025,109,TR SFE INT TERCERO  -  947650,"$ -141.100,00",,"$ 1.067.652,19",
01/12/2025,21,IVA GRAL,"$ -209,54",,"$ 1.067.442,65",
01/12/2025,40,GTO ADMCC,"$ -997,79",,"$ 1.066.444,86",
02/12/2025,364,COPARTICIPACION  -  5230,,"$ 27.802,19","$ 1.094.247,05",
02/12/2025,364,COPARTICIPACION  -  5230,,"$ 146.673,11","$ 1.240.920,16",
02/12/2025,251,DEPEFECT  -  169784,,"$ 1.200.000,00","$ 2.440.920,16",
02/12/2025,409,TRANSAC DEBIN  -  898288,,"$ 35.000,00","$ 2.475.920,16",
02/12/2025,410,TRANSF CTALINK  -  35372915,,"$ 5.000,00","$ 2.480.920,16",27340383236
02/12/2025,103,COBERTURAS DE FONDOS  -  141047,"$ -1.494.222,47",,"$ 986.697,69",
02/12/2025,200,DB INMEDIATO  -  317810,"$ -25.000,00",,"$ 961.697,69",
02/12/2025,200,DB INMEDIATO  -  318888,"$ -71.800,00",,"$ 889.897,69",
02/12/2025,21,IVA GRAL  -  646678,"$ -122,28",,"$ 889.775,41",
02/12/2025,141,INTCC S/ACU  -  646678,"$ -582,30",,"$ 889.193,11",
02/12/2025,110,TR SFE EXT TERCERO  -  47238186,"$ -60.000,00",,"$ 829.193,11",27332839514
03/12/2025,364,COPARTICIPACION  -  5231,,"$ 25.981,66","$ 855.174,77",
03/12/2025,364,COPARTICIPACION  -  5231,,"$ 119.694,63","$ 974.869,40",
03/12/2025,103,COBERTURAS DE FONDOS  -  141047,"$ -463.110,25",,"$ 511.759,15",
03/12/2025,200,DB INMEDIATO  -  324895,"$ -50.000,00",,"$ 461.759,15",
04/12/2025,364,COPARTICIPACION  -  5232,,"$ 26.786,69","$ 488.545,84",
04/12/2025,364,COPARTICIPACION  -  5232,,"$ 105.886,25","$ 594.432,09",
04/12/2025,365,COPFEDERAL  -  94501619,,"$ 30.110.071,87","$ 30.704.503,96",
04/12/2025,365,COPFEDERAL  -  94502366,,"$ 222.636,23","$ 30.927.140,19",
04/12/2025,103,COBERTURAS DE FONDOS  -  141047,"$ -624.196,79",,"$ 30.302.943,40",
04/12/2025,109,TR SFE INT TERCERO  -  207124,"$ -61.072,83",,"$ 30.241.870,57",30674365361
04/12/2025,109,TR SFE INT TERCERO  -  219907,"$ -250.000,00",,"$ 29.991.870,57",20351470551
04/12/2025,200,DB INMEDIATO  -  321330,"$ -86.710,00",,"$ 29.905.160,57",
04/12/2025,21,IVA GRAL  -  370126,"$ -56,44",,"$ 29.905.104,13",
04/12/2025,109,TR SFE INT TERCERO  -  370126,"$ -350.000,00",,"$ 29.555.104,13",20168716959
04/12/2025,163,COMTRSITE  -  370126,"$ -268,75",,"$ 29.554.835,38",
04/12/2025,109,TR SFE INT TERCERO  -  425596,"$ -167.020,00",,"$ 29.387.815,38",27340383627
04/12/2025,21,IVA GRAL  -  514153,"$ -63,00",,"$ 29.387.752,38",
04/12/2025,109,TR SFE INT TERCERO  -  514153,"$ -542.255,00",,"$ 28.845.497,38",27270399849
04/12/2025,163,COMTRSITE  -  514153,"$ -300,00",,"$ 28.845.197,38",
04/12/2025,21,IVA GRAL  -  546939,"$ -56,44",,"$ 28.845.140,94",
04/12/2025,109,TR SFE INT TERCERO  -  546939,"$ -460.000,00",,"$ 28.385.140,94",27280193653
04/12/2025,163,COMTRSITE  -  546939,"$ -268,75",,"$ 28.384.872,19",
04/12/2025,21,IVA GRAL  -  848808,"$ -56,44",,"$ 28.384.815,75",
04/12/2025,109,TR SFE INT TERCERO  -  848808,"$ -350.000,00",,"$ 28.034.815,75",20357726760
04/12/2025,163,COMTRSITE  -  848808,"$ -268,75",,"$ 28.034.547,00",
04/12/2025,110,TR SFE EXT TERCERO  -  47710774,"$ -6.000,00",,"$ 28.028.547,00",23403122319
04/12/2025,110,TR SFE EXT TERCERO  -  47795200,"$ -162.470,00",,"$ 27.866.077,00",20293502618
04/12/2025,110,TR SFE EXT TERCERO  -  47795381,"$ -75.000,00",,"$ 27.791.077,00",20332456106
04/12/2025,110,TR SFE EXT TERCERO  -  47795385,"$ -250.000,00",,"$ 27.541.077,00",20280193675
04/12/2025,21,IVA GRAL  -  47795412,"$ -56,44",,"$ 27.541.020,56",
04/12/2025,110,TR SFE EXT TERCERO  -  47795412,"$ -500.000,00",,"$ 27.041.020,56",27377116424
04/12/2025,163,COMTRSITE  -  47795412,"$ -268,75",,"$ 27.040.751,81",
04/12/2025,110,TR SFE EXT TERCERO  -  47795456,"$ -50.000,00",,"$ 26.990.751,81",
04/12/2025,110,TR SFE EXT TERCERO  -  47795480,"$ -219.408,64",,"$ 26.771.343,17",
04/12/2025,110,TR SFE EXT TERCERO  -  47795648,"$ -50.000,00",,"$ 26.721.343,17",
05/12/2025,364,COPARTICIPACION  -  5233,,"$ 28.332,77","$ 26.749.675,94",
05/12/2025,364,COPARTICIPACION  -  5233,,"$ 31.791,36","$ 26.781.467,30",
05/12/2025,109,TR SFE INT TERCERO  -  66624,"$ -70.000,00",,"$ 26.711.467,30",
05/12/2025,103,COBERTURAS DE FONDOS  -  141047,"$ -1.170.411,60",,"$ 25.541.055,70",
05/12/2025,109,TR SFE INT TERCERO  -  280439,"$ -30.000,00",,"$ 25.511.055,70",
05/12/2025,200,DB INMEDIATO  -  321243,"$ -60.000,00",,"$ 25.451.055,70",
05/12/2025,200,DB INMEDIATO  -  321247,"$ -20.000,00",,"$ 25.431.055,70",
05/12/2025,200,DB INMEDIATO  -  321248,"$ -100.000,00",,"$ 25.331.055,70",
05/12/2025,200,DB INMEDIATO  -  321515,"$ -25.000,00",,"$ 25.306.055,70",
05/12/2025,200,DB INMEDIATO  -  321516,"$ -50.000,00",,"$ 25.256.055,70",
05/12/2025,200,DB INMEDIATO  -  321520,"$ -20.000,00",,"$ 25.236.055,70",
05/12/2025,200,DB INMEDIATO  -  321521,"$ -40.000,00",,"$ 25.196.055,70",
05/12/2025,200,DB INMEDIATO  -  321523,"$ -160.000,00",,"$ 25.036.055,70",
05/12/2025,200,DB INMEDIATO  -  321959,"$ -20.000,00",,"$ 25.016.055,70",
05/12/2025,200,DB INMEDIATO  -  321960,"$ -25.000,00",,"$ 24.991.055,70",
05/12/2025,200,DB INMEDIATO  -  323392,"$ -100.000,00",,"$ 24.891.055,70",
05/12/2025,200,DB INMEDIATO  -  323393,"$ -80.000,00",,"$ 24.811.055,70",
05/12/2025,200,DB INMEDIATO  -  323394,"$ -36.000,00",,"$ 24.775.055,70",
05/12/2025,200,DB INMEDIATO  -  323395,"$ -70.000,00",,"$ 24.705.055,70",
05/12/2025,200,DB INMEDIATO  -  323396,"$ -36.000,00",,"$ 24.669.055,70",
05/12/2025,200,DB INMEDIATO  -  323397,"$ -10.000,00",,"$ 24.659.055,70",
05/12/2025,200,DB INMEDIATO  -  323398,"$ -25.000,00",,"$ 24.634.055,70",
05/12/2025,200,DB INMEDIATO  -  323399,"$ -400.000,00",,"$ 24.234.055,70",
05/12/2025,200,DB INMEDIATO  -  323400,"$ -40.000,00",,"$ 24.194.055,70",
05/12/2025,200,DB INMEDIATO  -  323573,"$ -40.000,00",,"$ 24.154.055,70",
05/12/2025,200,DB INMEDIATO  -  323574,"$ -25.000,00",,"$ 24.129.055,70",
05/12/2025,200,DB INMEDIATO  -  324034,"$ -50.000,00",,"$ 24.079.055,70",
05/12/2025,200,DB INMEDIATO  -  324617,"$ -65.000,00",,"$ 24.014.055,70",
05/12/2025,200,DB INMEDIATO  -  324618,"$ -61.000,00",,"$ 23.953.055,70",
05/12/2025,200,DB INMEDIATO  -  325229,"$ -24.000,00",,"$ 23.929.055,70",
05/12/2025,200,DB INMEDIATO  -  325546,"$ -20.000,00",,"$ 23.909.055,70",
05/12/2025,200,DB INMEDIATO  -  325639,"$ -95.100,00",,"$ 23.813.955,70",
05/12/2025,200,DB INMEDIATO  -  325824,"$ -10.000,00",,"$ 23.803.955,70",
05/12/2025,200,DB INMEDIATO  -  326445,"$ -10.000,00",,"$ 23.793.955,70",
05/12/2025,200,DB INMEDIATO  -  326618,"$ -70.000,00",,"$ 23.723.955,70",
05/12/2025,200,DB INMEDIATO  -  326620,"$ -40.000,00",,"$ 23.683.955,70",
05/12/2025,200,DB INMEDIATO  -  326622,"$ -25.000,00",,"$ 23.658.955,70",
05/12/2025,200,DB INMEDIATO  -  328353,"$ -20.000,00",,"$ 23.638.955,70",
05/12/2025,200,DB INMEDIATO  -  329373,"$ -15.000,00",,"$ 23.623.955,70",
05/12/2025,200,DB INMEDIATO  -  329688,"$ -250.000,00",,"$ 23.373.955,70",
05/12/2025,109,TR SFE INT TERCERO  -  461577,"$ -20.000,00",,"$ 23.353.955,70",
05/12/2025,21,IVA GRAL  -  632085,"$ -56,44",,"$ 23.353.899,26",
05/12/2025,109,TR SFE INT TERCERO  -  632085,"$ -333.130,00",,"$ 23.020.769,26",
05/12/2025,163,COMTRSITE  -  632085,"$ -268,75",,"$ 23.020.500,51",
05/12/2025,21,IVA GRAL  -  48062327,"$ -63,00",,"$ 23.020.437,51",
05/12/2025,110,TR SFE EXT TERCERO  -  48062327,"$ -814.266,66",,"$ 22.206.170,85",
05/12/2025,163,COMTRSITE  -  48062327,"$ -300,00",,"$ 22.205.870,85",
05/12/2025,110,TR SFE EXT TERCERO  -  48062586,"$ -118.000,00",,"$ 22.087.870,85",
05/12/2025,36,TR SFE EXT PROPIAS  -  48063254,"$ -5.000,00",,"$ 22.082.870,85",
05/12/2025,110,TR SFE EXT TERCERO  -  48063309,"$ -30.000,00",,"$ 22.052.870,85",
05/12/2025,110,TR SFE EXT TERCERO  -  48064513,"$ -20.000,00",,"$ 22.032.870,85",
05/12/2025,110,TR SFE EXT TERCERO  -  48064591,"$ -12.000,00",,"$ 22.020.870,85",
05/12/2025,110,TR SFE EXT TERCERO  -  48064656,"$ -25.000,00",,"$ 21.995.870,85",
05/12/2025,110,TR SFE EXT TERCERO  -  48064691,"$ -15.000,00",,"$ 21.980.870,85",
05/12/2025,110,TR SFE EXT TERCERO  -  48064839,"$ -15.000,00",,"$ 21.965.870,85",
05/12/2025,110,TR SFE EXT TERCERO  -  48064861,"$ -20.000,00",,"$ 21.945.870,85",
05/12/2025,110,TR SFE EXT TERCERO  -  48064901,"$ -15.000,00",,"$ 21.930.870,85",
05/12/2025,110,TR SFE EXT TERCERO  -  48064946,"$ -75.000,00",,"$ 21.855.870,85",
05/12/2025,110,TR SFE EXT TERCERO  -  48065147,"$ -40.000,00",,"$ 21.815.870,85",
05/12/2025,110,TR SFE EXT TERCERO  -  48090049,"$ -40.000,00",,"$ 21.775.870,85",
05/12/2025,110,TR SFE EXT TERCERO  -  48090050,"$ -75.000,00",,"$ 21.700.870,85",
05/12/2025,110,TR SFE EXT TERCERO  -  48090333,"$ -25.000,00",,"$ 21.675.870,85",
05/12/2025,110,TR SFE EXT TERCERO  -  48090465,"$ -50.000,00",,"$ 21.625.870,85",
05/12/2025,110,TR SFE EXT TERCERO  -  48090479,"$ -45.000,00",,"$ 21.580.870,85",
05/12/2025,110,TR SFE EXT TERCERO  -  48101299,"$ -20.000,00",,"$ 21.560.870,85",
05/12/2025,110,TR SFE EXT TERCERO  -  48109693,"$ -50.000,00",,"$ 21.510.870,85",
05/12/2025,1,CHPAGADOR  -  90262785,"$ -4.000.000,00",,"$ 17.510.870,85",
05/12/2025,99,DB-SERVICIO DE PAGO  -  94889729,"$ -16.395.722,94",,"$ 1.115.147,91",
09/12/2025,353,CR-COOPARTICIP ASSAL  -  225,,"$ 24.000,00","$ 1.139.147,91",
09/12/2025,364,COPARTICIPACION  -  5234,,"$ 47.577,05","$ 1.186.724,96",
09/12/2025,364,COPARTICIPACION  -  5234,,"$ 592.087,40","$ 1.778.812,36",
09/12/2025,251,DEPEFECT  -  172313,,"$ 1.200.000,00","$ 2.978.812,36",
09/12/2025,103,COBERTURAS DE FONDOS  -  141047,"$ -990.139,39",,"$ 1.988.672,97",
09/12/2025,200,DB INMEDIATO  -  328094,"$ -113.200,00",,"$ 1.875.472,97",
09/12/2025,200,DB INMEDIATO  -  329240,"$ -30.000,00",,"$ 1.845.472,97",
09/12/2025,110,TR SFE EXT TERCERO  -  48303588,"$ -6.000,00",,"$ 1.839.472,97",
10/12/2025,364,COPARTICIPACION  -  5235,,"$ 46.842,80","$ 1.886.315,77",
10/12/2025,364,COPARTICIPACION  -  5235,,"$ 117.431,76","$ 2.003.747,53",
10/12/2025,410,TRANSF CTALINK  -  674728,,"$ 40.000,00","$ 2.043.747,53",
10/12/2025,2,CHPROPIO  -  90262784,"$ -980.000,00",,"$ 1.063.747,53",
11/12/2025,364,COPARTICIPACION  -  5236,,"$ 45.584,77","$ 1.109.332,30",
11/12/2025,364,COPARTICIPACION  -  5236,,"$ 47.570,89","$ 1.156.903,19",
11/12/2025,365,COPFEDERAL  -  95349685,,"$ 19.315.751,02","$ 20.472.654,21",
11/12/2025,21,IVA GRAL  -  59232,"$ -91,88",,"$ 20.472.562,33",
11/12/2025,109,TR SFE INT TERCERO  -  59232,"$ -2.939.308,71",,"$ 17.533.253,62",
11/12/2025,163,COMTRSITE  -  59232,"$ -437,50",,"$ 17.532.816,12",
11/12/2025,200,DB INMEDIATO  -  336387,"$ -111.670,00",,"$ 17.421.146,12",
11/12/2025,200,DB INMEDIATO  -  336765,"$ -150.000,00",,"$ 17.271.146,12",
11/12/2025,21,IVA GRAL  -  339120,"$ -56,44",,"$ 17.271.089,68",
11/12/2025,109,TR SFE INT TERCERO  -  339120,"$ -374.900,00",,"$ 16.896.189,68",
11/12/2025,163,COMTRSITE  -  339120,"$ -268,75",,"$ 16.895.920,93",
11/12/2025,200,DB INMEDIATO  -  339986,"$ -35.900,00",,"$ 16.860.020,93",
11/12/2025,200,DB INMEDIATO  -  339987,"$ -106.600,00",,"$ 16.753.420,93",
11/12/2025,200,DB INMEDIATO  -  340327,"$ -18.000,00",,"$ 16.735.420,93",
11/12/2025,109,TR SFE INT TERCERO  -  398269,"$ -134.100,00",,"$ 16.601.320,93",
11/12/2025,21,IVA GRAL  -  600414,"$ -56,44",,"$ 16.601.264,49",
11/12/2025,109,TR SFE INT TERCERO  -  600414,"$ -471.261,00",,"$ 16.130.003,49",
11/12/2025,163,COMTRSITE  -  600414,"$ -268,75",,"$ 16.129.734,74",
11/12/2025,21,IVA GRAL  -  620804,"$ -56,44",,"$ 16.129.678,30",
11/12/2025,109,TR SFE INT TERCERO  -  620804,"$ -459.750,00",,"$ 15.669.928,30",
11/12/2025,163,COMTRSITE  -  620804,"$ -268,75",,"$ 15.669.659,55",
11/12/2025,21,IVA GRAL  -  901825,"$ -63,00",,"$ 15.669.596,55",
11/12/2025,109,TR SFE INT TERCERO  -  901825,"$ -554.166,00",,"$ 15.115.430,55",
11/12/2025,163,COMTRSITE  -  901825,"$ -300,00",,"$ 15.115.130,55",
11/12/2025,110,TR SFE EXT TERCERO  -  48846376,"$ -6.000,00",,"$ 15.109.130,55",
11/12/2025,21,IVA GRAL  -  48914436,"$ -63,00",,"$ 15.109.067,55",
11/12/2025,110,TR SFE EXT TERCERO  -  48914436,"$ -902.892,00",,"$ 14.206.175,55",
11/12/2025,163,COMTRSITE  -  48914436,"$ -300,00",,"$ 14.205.875,55",
11/12/2025,21,IVA GRAL  -  48914454,"$ -91,88",,"$ 14.205.783,67",
11/12/2025,110,TR SFE EXT TERCERO  -  48914454,"$ -1.870.016,96",,"$ 12.335.766,71",
11/12/2025,163,COMTRSITE  -  48914454,"$ -437,50",,"$ 12.335.329,21",
11/12/2025,21,IVA GRAL  -  48914488,"$ -63,00",,"$ 12.335.266,21",
11/12/2025,110,TR SFE EXT TERCERO  -  48914488,"$ -950.000,00",,"$ 11.385.266,21",
11/12/2025,163,COMTRSITE  -  48914488,"$ -300,00",,"$ 11.384.966,21",
11/12/2025,21,IVA GRAL  -  48914513,"$ -56,44",,"$ 11.384.909,77",
11/12/2025,110,TR SFE EXT TERCERO  -  48914513,"$ -455.700,00",,"$ 10.929.209,77",
11/12/2025,163,COMTRSITE  -  48914513,"$ -268,75",,"$ 10.928.941,02",
11/12/2025,110,TR SFE EXT TERCERO  -  48914540,"$ -165.000,00",,"$ 10.763.941,02",
11/12/2025,21,IVA GRAL  -  48914557,"$ -56,44",,"$ 10.763.884,58",
11/12/2025,110,TR SFE EXT TERCERO  -  48914557,"$ -410.000,00",,"$ 10.353.884,58",
11/12/2025,163,COMTRSITE  -  48914557,"$ -268,75",,"$ 10.353.615,83",
11/12/2025,21,IVA GRAL  -  48914588,"$ -63,00",,"$ 10.353.552,83",
11/12/2025,110,TR SFE EXT TERCERO  -  48914588,"$ -1.000.000,00",,"$ 9.353.552,83",
11/12/2025,163,COMTRSITE  -  48914588,"$ -300,00",,"$ 9.353.252,83",
11/12/2025,110,TR SFE EXT TERCERO  -  48914648,"$ -82.600,00",,"$ 9.270.652,83",
11/12/2025,110,TR SFE EXT TERCERO  -  48914692,"$ -50.000,00",,"$ 9.220.652,83",
11/12/2025,1,CHPAGADOR  -  90262786,"$ -4.000.000,00",,"$ 5.220.652,83",
12/12/2025,364,COPARTICIPACION  -  5237,,"$ 90.363,21","$ 5.311.016,04",
12/12/2025,364,COPARTICIPACION  -  5237,,"$ 116.221,53","$ 5.427.237,57",
12/12/2025,410,TRANSF CTALINK  -  205285,,"$ 300.000,00","$ 5.727.237,57",
12/12/2025,409,TRANSAC DEBIN  -  363516,,"$ 500.000,00","$ 6.227.237,57",
12/12/2025,359,ACREDITACION AUTOMAT  -  95530466,,"$ 49.778,45","$ 6.277.016,02",
12/12/2025,359,ACREDITACION AUTOMAT  -  95530830,,"$ 669.029,24","$ 6.946.045,26",
12/12/2025,21,IVA GRAL  -  104332,"$ -63,00",,"$ 6.945.982,26",
12/12/2025,109,TR SFE INT TERCERO  -  104332,"$ -564.734,00",,"$ 6.381.248,26",
12/12/2025,163,COMTRSITE  -  104332,"$ -300,00",,"$ 6.380.948,26",
12/12/2025,103,COBERTURAS DE FONDOS  -  141047,"$ -2.075.241,82",,"$ 4.305.706,44",
12/12/2025,109,TR SFE INT TERCERO  -  298694,"$ -70.000,00",,"$ 4.235.706,44",
12/12/2025,200,DB INMEDIATO  -  336265,"$ -60.000,00",,"$ 4.175.706,44",
12/12/2025,200,DB INMEDIATO  -  336268,"$ -25.000,00",,"$ 4.150.706,44",
12/12/2025,200,DB INMEDIATO  -  336269,"$ -40.000,00",,"$ 4.110.706,44",
12/12/2025,200,DB INMEDIATO  -  336275,"$ -25.000,00",,"$ 4.085.706,44",
12/12/2025,200,DB INMEDIATO  -  336277,"$ -40.000,00",,"$ 4.045.706,44",
12/12/2025,200,DB INMEDIATO  -  336281,"$ -50.000,00",,"$ 3.995.706,44",
12/12/2025,200,DB INMEDIATO  -  336282,"$ -130.000,00",,"$ 3.865.706,44",
12/12/2025,200,DB INMEDIATO  -  336284,"$ -90.000,00",,"$ 3.775.706,44",
12/12/2025,200,DB INMEDIATO  -  337624,"$ -25.000,00",,"$ 3.750.706,44",
12/12/2025,200,DB INMEDIATO  -  341388,"$ -129.000,00",,"$ 3.621.706,44",
12/12/2025,200,DB INMEDIATO  -  341423,"$ -45.000,00",,"$ 3.576.706,44",
12/12/2025,200,DB INMEDIATO  -  341425,"$ -100.000,00",,"$ 3.476.706,44",
12/12/2025,200,DB INMEDIATO  -  341699,"$ -100.000,00",,"$ 3.376.706,44",
12/12/2025,200,DB INMEDIATO  -  341700,"$ -100.000,00",,"$ 3.276.706,44",
12/12/2025,200,DB INMEDIATO  -  341701,"$ -60.000,00",,"$ 3.216.706,44",
12/12/2025,200,DB INMEDIATO  -  341702,"$ -60.000,00",,"$ 3.156.706,44",
12/12/2025,200,DB INMEDIATO  -  341705,"$ -40.000,00",,"$ 3.116.706,44",
12/12/2025,200,DB INMEDIATO  -  341707,"$ -20.000,00",,"$ 3.096.706,44",
12/12/2025,200,DB INMEDIATO  -  342496,"$ -32.000,00",,"$ 3.064.706,44",
12/12/2025,200,DB INMEDIATO  -  342499,"$ -25.000,00",,"$ 3.039.706,44",
12/12/2025,200,DB INMEDIATO  -  342579,"$ -70.000,00",,"$ 2.969.706,44",
12/12/2025,200,DB INMEDIATO  -  342582,"$ -93.930,00",,"$ 2.875.776,44",
12/12/2025,200,DB INMEDIATO  -  344946,"$ -15.000,00",,"$ 2.860.776,44",
12/12/2025,200,DB INMEDIATO  -  344948,"$ -25.000,00",,"$ 2.835.776,44",
12/12/2025,200,DB INMEDIATO  -  345656,"$ -70.000,00",,"$ 2.765.776,44",
12/12/2025,200,DB INMEDIATO  -  346248,"$ -25.000,00",,"$ 2.740.776,44",
12/12/2025,200,DB INMEDIATO  -  346251,"$ -15.000,00",,"$ 2.725.776,44",
12/12/2025,200,DB INMEDIATO  -  346253,"$ -120.000,00",,"$ 2.605.776,44",
12/12/2025,109,TR SFE INT TERCERO  -  755083,"$ -20.000,00",,"$ 2.585.776,44",
12/12/2025,110,TR SFE EXT TERCERO  -  49130740,"$ -130.000,00",,"$ 2.455.776,44",
12/12/2025,110,TR SFE EXT TERCERO  -  49130796,"$ -20.000,00",,"$ 2.435.776,44",
12/12/2025,110,TR SFE EXT TERCERO  -  49131970,"$ -20.000,00",,"$ 2.415.776,44",
12/12/2025,110,TR SFE EXT TERCERO  -  49132038,"$ -12.000,00",,"$ 2.403.776,44",
12/12/2025,110,TR SFE EXT TERCERO  -  49132167,"$ -61.000,00",,"$ 2.342.776,44",
12/12/2025,110,TR SFE EXT TERCERO  -  49132304,"$ -50.000,00",,"$ 2.292.776,44",
12/12/2025,110,TR SFE EXT TERCERO  -  49132440,"$ -50.000,00",,"$ 2.242.776,44",
12/12/2025,110,TR SFE EXT TERCERO  -  49132593,"$ -45.000,00",,"$ 2.197.776,44",
12/12/2025,110,TR SFE EXT TERCERO  -  49132619,"$ -25.000,00",,"$ 2.172.776,44",
12/12/2025,110,TR SFE EXT TERCERO  -  49133181,"$ -20.000,00",,"$ 2.152.776,44",
12/12/2025,110,TR SFE EXT TERCERO  -  49133212,"$ -10.000,00",,"$ 2.142.776,44",
12/12/2025,110,TR SFE EXT TERCERO  -  49133263,"$ -20.000,00",,"$ 2.122.776,44",
12/12/2025,110,TR SFE EXT TERCERO  -  49133325,"$ -20.000,00",,"$ 2.102.776,44",
12/12/2025,110,TR SFE EXT TERCERO  -  49133338,"$ -10.000,00",,"$ 2.092.776,44",
12/12/2025,110,TR SFE EXT TERCERO  -  49133346,"$ -10.000,00",,"$ 2.082.776,44",
12/12/2025,110,TR SFE EXT TERCERO  -  49133400,"$ -25.000,00",,"$ 2.057.776,44",
12/12/2025,110,TR SFE EXT TERCERO  -  49208289,"$ -30.000,00",,"$ 2.027.776,44",
12/12/2025,110,TR SFE EXT TERCERO  -  49208325,"$ -50.000,00",,"$ 1.977.776,44",
15/12/2025,364,COPARTICIPACION  -  5238,,"$ 36.570,67","$ 2.014.347,11",
15/12/2025,364,COPARTICIPACION  -  5238,,"$ 213.300,39","$ 2.227.647,50",
15/12/2025,251,DEPEFECT  -  175617,,"$ 2.532.000,00","$ 4.759.647,50",
15/12/2025,103,COBERTURAS DE FONDOS  -  141047,"$ -527.978,05",,"$ 4.231.669,45",
15/12/2025,200,DB INMEDIATO  -  350250,"$ -50.000,00",,"$ 4.181.669,45",
15/12/2025,200,DB INMEDIATO  -  350251,"$ -50.000,00",,"$ 4.131.669,45",
15/12/2025,200,DB INMEDIATO  -  353872,"$ -15.000,00",,"$ 4.116.669,45",
15/12/2025,109,TR SFE INT TERCERO  -  434088,"$ -149.100,00",,"$ 3.967.569,45",
15/12/2025,110,TR SFE EXT TERCERO  -  49463573,"$ -40.000,00",,"$ 3.927.569,45",
15/12/2025,110,TR SFE EXT TERCERO  -  49463593,"$ -50.000,00",,"$ 3.877.569,45",
16/12/2025,364,COPARTICIPACION  -  5239,,"$ 74.894,42","$ 3.952.463,87",
16/12/2025,364,COPARTICIPACION  -  5239,,"$ 141.680,08","$ 4.094.143,95",
16/12/2025,252,DEPCH PROPIO  -  243365,,"$ 250.000,00","$ 4.344.143,95",
16/12/2025,409,TRANSAC DEBIN  -  905683,,"$ 9.000,00","$ 4.353.143,95",
16/12/2025,103,COBERTURAS DE FONDOS  -  141047,"$ -744.607,52",,"$ 3.608.536,43",
16/12/2025,200,DB INMEDIATO  -  357770,"$ -197.280,00",,"$ 3.411.256,43",
16/12/2025,109,TR SFE INT TERCERO  -  462250,"$ -55.000,00",,"$ 3.356.256,43",
16/12/2025,110,TR SFE EXT TERCERO  -  49660650,"$ -95.040,00",,"$ 3.261.216,43",
16/12/2025,110,TR SFE EXT TERCERO  -  49660679,"$ -43.780,00",,"$ 3.217.436,43",
16/12/2025,110,TR SFE EXT TERCERO  -  49660712,"$ -237.000,00",,"$ 2.980.436,43",
16/12/2025,1,CHPAGADOR  -  90262787,"$ -1.000.000,00",,"$ 1.980.436,43",
17/12/2025,353,CR-COOPARTICIP ASSAL  -  225,,"$ 19.999,00","$ 2.000.435,43",
17/12/2025,364,COPARTICIPACION  -  5240,,"$ 67.615,90","$ 2.068.051,33",
17/12/2025,364,COPARTICIPACION  -  5240,,"$ 77.043,54","$ 2.145.094,87",
17/12/2025,251,DEPEFECT  -  177537,,"$ 2.160.000,00","$ 4.305.094,87",
17/12/2025,409,TRANSAC DEBIN  -  238867,,"$ 5.000,00","$ 4.310.094,87",
17/12/2025,103,COBERTURAS DE FONDOS  -  141048,"$ -1.045.241,59",,"$ 3.264.853,28",
17/12/2025,109,TR SFE INT TERCERO  -  655412,"$ -8.352,00",,"$ 3.256.501,28",
17/12/2025,109,TR SFE INT TERCERO  -  868320,"$ -201.074,40",,"$ 3.055.426,88",
18/12/2025,353,CR-COOPARTICIP ASSAL  -  225,,"$ 19.999,00","$ 3.075.425,88",
18/12/2025,364,COPARTICIPACION  -  5241,,"$ 33.965,17","$ 3.109.391,05",
18/12/2025,364,COPARTICIPACION  -  5241,,"$ 55.488,63","$ 3.164.879,68",
18/12/2025,359,ACREDITACION AUTOMAT  -  96241761,,"$ 10.092.361,80","$ 13.257.241,48",
18/12/2025,365,COPFEDERAL  -  96242749,,"$ 8.423.482,06","$ 21.680.723,54",
18/12/2025,365,COPFEDERAL  -  96243754,,"$ 278.295,28","$ 21.959.018,82",
18/12/2025,103,COBERTURAS DE FONDOS  -  141049,"$ -373.163,14",,"$ 21.585.855,68",
18/12/2025,200,DB INMEDIATO  -  358840,"$ -70.000,00",,"$ 21.515.855,68",
18/12/2025,200,DB INMEDIATO  -  359198,"$ -50.000,00",,"$ 21.465.855,68",
18/12/2025,200,DB INMEDIATO  -  364674,"$ -200.000,00",,"$ 21.265.855,68",
18/12/2025,109,TR SFE INT TERCERO  -  659900,"$ -12.000,00",,"$ 21.253.855,68",
18/12/2025,109,TR SFE INT TERCERO  -  953763,"$ -60.000,00",,"$ 21.193.855,68",
18/12/2025,110,TR SFE EXT TERCERO  -  50227180,"$ -50.000,00",,"$ 21.143.855,68",
19/12/2025,353,CR-COOPARTICIP ASSAL  -  225,,"$ 59.997,00","$ 21.203.852,68",
19/12/2025,364,COPARTICIPACION  -  5242,,"$ 57.848,85","$ 21.261.701,53",
19/12/2025,364,COPARTICIPACION  -  5242,,"$ 501.757,64","$ 21.763.459,17",
19/12/2025,251,DEPEFECT  -  178873,,"$ 1.633.000,00","$ 23.396.459,17",
19/12/2025,409,TRANSAC DEBIN  -  363528,,"$ 2.000,00","$ 23.398.459,17",
19/12/2025,359,ACREDITACION AUTOMAT  -  96415209,,"$ 460.000,00","$ 23.858.459,17",
19/12/2025,103,COBERTURAS DE FONDOS  -  141049,"$ -1.082.285,09",,"$ 22.776.174,08",
19/12/2025,109,TR SFE INT TERCERO  -  253242,"$ -56.000,00",,"$ 22.720.174,08",
19/12/2025,200,DB INMEDIATO  -  356080,"$ -153.000,00",,"$ 22.567.174,08",
19/12/2025,200,DB INMEDIATO  -  356394,"$ -70.000,00",,"$ 22.497.174,08",
19/12/2025,200,DB INMEDIATO  -  365025,"$ -150.000,00",,"$ 22.347.174,08",
19/12/2025,109,TR SFE INT TERCERO  -  385134,"$ -80.000,00",,"$ 22.267.174,08",
19/12/2025,21,IVA GRAL  -  403327,"$ -56,44",,"$ 22.267.117,64",
19/12/2025,109,TR SFE INT TERCERO  -  403327,"$ -280.200,00",,"$ 21.986.917,64",
19/12/2025,163,COMTRSITE  -  403327,"$ -268,75",,"$ 21.986.648,89",
19/12/2025,21,IVA GRAL  -  616075,"$ -63,00",,"$ 21.986.585,89",
19/12/2025,109,TR SFE INT TERCERO  -  616075,"$ -852.000,00",,"$ 21.134.585,89",
19/12/2025,163,COMTRSITE  -  616075,"$ -300,00",,"$ 21.134.285,89",
19/12/2025,21,IVA GRAL  -  899239,"$ -91,88",,"$ 21.134.194,01",
19/12/2025,109,TR SFE INT TERCERO  -  899239,"$ -1.117.119,50",,"$ 20.017.074,51",
19/12/2025,163,COMTRSITE  -  899239,"$ -437,50",,"$ 20.016.637,01",
19/12/2025,110,TR SFE EXT TERCERO  -  50406322,"$ -148.000,00",,"$ 19.868.637,01",
19/12/2025,110,TR SFE EXT TERCERO  -  50508693,"$ -218.088,95",,"$ 19.650.548,06",
19/12/2025,21,IVA GRAL  -  50508719,"$ -63,00",,"$ 19.650.485,06",
19/12/2025,110,TR SFE EXT TERCERO  -  50508719,"$ -660.000,00",,"$ 18.990.485,06",
19/12/2025,163,COMTRSITE  -  50508719,"$ -300,00",,"$ 18.990.185,06",
19/12/2025,21,IVA GRAL  -  50508812,"$ -56,44",,"$ 18.990.128,62",
19/12/2025,110,TR SFE EXT TERCERO  -  50508812,"$ -436.600,00",,"$ 18.553.528,62",
19/12/2025,163,COMTRSITE  -  50508812,"$ -268,75",,"$ 18.553.259,87",
19/12/2025,110,TR SFE EXT TERCERO  -  50508854,"$ -135.950,00",,"$ 18.417.309,87",
19/12/2025,110,TR SFE EXT TERCERO  -  50509233,"$ -75.000,00",,"$ 18.342.309,87",
19/12/2025,110,TR SFE EXT TERCERO  -  50509269,"$ -50.000,00",,"$ 18.292.309,87",
19/12/2025,1,CHPAGADOR  -  90262788,"$ -6.500.000,00",,"$ 11.792.309,87",
22/12/2025,364,COPARTICIPACION  -  5243,,"$ 59.381,24","$ 11.851.691,11",
22/12/2025,364,COPARTICIPACION  -  5243,,"$ 98.857,42","$ 11.950.548,53",
22/12/2025,103,COBERTURAS DE FONDOS  -  141049,"$ -555.028,66",,"$ 11.395.519,87",
22/12/2025,109,TR SFE INT TERCERO  -  359619,"$ -76.010,00",,"$ 11.319.509,87",
22/12/2025,200,DB INMEDIATO  -  363572,"$ -66.000,00",,"$ 11.253.509,87",
22/12/2025,200,DB INMEDIATO  -  363719,"$ -20.000,00",,"$ 11.233.509,87",
22/12/2025,200,DB INMEDIATO  -  363720,"$ -69.000,00",,"$ 11.164.509,87",
22/12/2025,200,DB INMEDIATO  -  368163,"$ -268.280,00",,"$ 10.896.229,87",
22/12/2025,200,DB INMEDIATO  -  369620,"$ -126.400,00",,"$ 10.769.829,87",
22/12/2025,110,TR SFE EXT TERCERO  -  50747515,"$ -100.000,00",,"$ 10.669.829,87",
22/12/2025,110,TR SFE EXT TERCERO  -  50747541,"$ -50.000,00",,"$ 10.619.829,87",
23/12/2025,353,CR-COOPARTICIP ASSAL  -  225,,"$ 59.997,00","$ 10.679.826,87",
23/12/2025,364,COPARTICIPACION  -  5244,,"$ 49.771,97","$ 10.729.598,84",
23/12/2025,364,COPARTICIPACION  -  5244,,"$ 90.284,44","$ 10.819.883,28",
23/12/2025,251,DEPEFECT  -  180542,,"$ 308.000,00","$ 11.127.883,28",
23/12/2025,103,COBERTURAS DE FONDOS  -  141048,"$ -308.448,79",,"$ 10.819.434,49",
23/12/2025,200,DB INMEDIATO  -  361089,"$ -150.000,00",,"$ 10.669.434,49",
23/12/2025,200,DB INMEDIATO  -  365596,"$ -27.000,00",,"$ 10.642.434,49",
23/12/2025,1,CHPAGADOR  -  90262789,"$ -3.000.000,00",,"$ 7.642.434,49",
23/12/2025,99,DB-SERVICIO DE PAGO  -  97343246,"$ -5.738.605,48",,"$ 1.903.829,01",
26/12/2025,364,COPARTICIPACION  -  5245,,"$ 40.597,05","$ 1.944.426,06",
26/12/2025,364,COPARTICIPACION  -  5245,,"$ 51.021,80","$ 1.995.447,86",
26/12/2025,103,COBERTURAS DE FONDOS  -  141051,"$ -619.656,98",,"$ 1.375.790,88",
26/12/2025,145,TRANSFERENCIA REALIZ  -  187701,"$ -15.000,00",,"$ 1.360.790,88",
26/12/2025,200,DB INMEDIATO  -  368728,"$ -25.000,00",,"$ 1.335.790,88",
26/12/2025,200,DB INMEDIATO  -  370160,"$ -10.500,00",,"$ 1.325.290,88",
26/12/2025,200,DB INMEDIATO  -  370161,"$ -141.000,00",,"$ 1.184.290,88",
26/12/2025,109,TR SFE INT TERCERO  -  948205,"$ -180.000,00",,"$ 1.004.290,88",
26/12/2025,110,TR SFE EXT TERCERO  -  51319415,"$ -80.000,00",,"$ 924.290,88",
29/12/2025,353,CR-COOPARTICIP ASSAL  -  225,,"$ 79.996,00","$ 1.004.286,88",
29/12/2025,364,COPARTICIPACION  -  5246,,"$ 26.357,11","$ 1.030.643,99",
29/12/2025,364,COPARTICIPACION  -  5246,,"$ 342.448,83","$ 1.373.092,82",
29/12/2025,251,DEPEFECT  -  181995,,"$ 401.000,00","$ 1.774.092,82",
29/12/2025,103,COBERTURAS DE FONDOS  -  141052,"$ -1.273.780,39",,"$ 500.312,43",
30/12/2025,364,COPARTICIPACION  -  5247,,"$ 59.396,37","$ 559.708,80",
30/12/2025,364,COPARTICIPACION  -  5247,,"$ 67.595,44","$ 627.304,24",
30/12/2025,252,DEPCH PROPIO  -  258091,,"$ 500.000,00","$ 1.127.304,24",
30/12/2025,433,TRANSFERENCIA RECIB  -  962658,,"$ 2.000.000,00","$ 3.127.304,24",
30/12/2025,403,MOVILIDAD EDUC RURAL  -  98257158,,"$ 905.273,60","$ 4.032.577,84",
30/12/2025,410,TRANSF CTALINK  -  68308747,,"$ 4.000,00","$ 4.036.577,84",
30/12/2025,21,IVA GRAL,"$ -6,30",,"$ 4.036.571,54",
30/12/2025,149,COMMANTFIJO,"$ -30,00",,"$ 4.036.541,54",
30/12/2025,103,COBERTURAS DE FONDOS  -  141052,"$ -401.284,43",,"$ 3.635.257,11",
30/12/2025,1,CHPAGADOR  -  90262790,"$ -3.000.000,00",,"$ 635.257,11",
02/01/2026,364,COPARTICIPACION  -  5248,,"$ 41.937,26","$ 677.194,37",
02/01/2026,364,COPARTICIPACION  -  5248,,"$ 63.078,18","$ 740.272,55",
02/01/2026,200,DB INMEDIATO  -  382897,"$ -200.000,00",,"$ 540.272,55",
02/01/2026,110,TR SFE EXT TERCERO  -  52091259,"$ -60.000,00",,"$ 480.272,55",
